Automatically generated by Mendeley Desktop 1.19.4
Any changes to this file will be lost if it is regenerated by Mendeley.

BibTeX export options can be customized via Options -> BibTeX in Mendeley Desktop

@misc{Manga2019,
author = {Manga, Thina},
booktitle = {Futuregrowth},
keywords = {Manga},
month = {jun},
title = {{Infrastructure development - What, Why, How and Who? | Newsroom | Futuregrowth}},
url = {https://www.futuregrowth.co.za/newsroom/infrastructure-development-what-why-how-and-who/},
urldate = {2020-09-21},
year = {2019}
}
@misc{WorldBankGroup2018,
author = {{World Bank Group}},
booktitle = {The World Bank},
keywords = {Bank},
month = {mar},
title = {{Overcoming Poverty and Inequality in South Africa : An Assessment of Drivers, Constraints and Opportunities}},
url = {https://openknowledge.worldbank.org/handle/10986/29614},
urldate = {2020-09-21},
year = {2018}
}
